<?xml version="1.0" encoding="utf-8"?>
<record xmlns="http://www.loc.gov/MARC21/slim" xmlns:xsi="http://www.w3.org/2001/XMLSchema-instance" xsi:schemaLocation="http://www.loc.gov/MARC21/slim http://www.loc.gov/standards/marcxml/schema/MARC21slim.xsd">
	<leader>     nam a22        4500</leader>
	<controlfield tag="001">001676462</controlfield>
	<controlfield tag="003">NNU</controlfield>
	<controlfield tag="006">m        d        </controlfield>
	<controlfield tag="007">cr cn |||m|||a</controlfield>
	<controlfield tag="008">160519r19651866ir      od    000 0 ara d</controlfield>
	<datafield ind1=" " ind2=" " tag="040">
		<subfield code="a">NNU</subfield>
		<subfield code="b">eng</subfield>
		<subfield code="e">rda</subfield>
		<subfield code="c">NNU</subfield>
	</datafield>
	<datafield ind1="1" ind2=" " tag="041">
		<subfield code="a">per</subfield>
		<subfield code="h">ger</subfield>
	</datafield>
	<datafield ind1=" " ind2="4" tag="050">
		<subfield code="a">G93</subfield>
		<subfield code="b">.Y34 1965</subfield>
	</datafield>
	<datafield ind1="0" ind2=" " tag="100">
		<subfield code="6">880-01</subfield>
		<subfield code="a">Yāqūt ibn ʻAbd Allāh al-Ḥamawī,</subfield>
		<subfield code="d">1179?-1229.</subfield>
	</datafield>
	<datafield ind1="1" ind2="0" tag="240">
		<subfield code="6">880-02</subfield>
		<subfield code="a">Muʻjam al-buldān</subfield>
	</datafield>
	<datafield ind1="1" ind2="0" tag="245">
		<subfield code="6">880-03</subfield>
		<subfield code="a">Kitāb muʻjam al-buldān /</subfield>
		<subfield code="c">taʼlīf Shihāb al-Dīn Abī ʻAbd Allāh Yāqūt Ibn ʻAbd Allāh al-Ḥamawī al-Rūmī al-Baghdādī.</subfield>
	</datafield>
	<datafield ind1="1" ind2="5" tag="246">
		<subfield code="a">Jacut's Geographisches Wörterbuch, aus den Handschriften zu Berlin, St. Petersburg und Paris auf Kosten der Deutschen Morgenländischen Gesellschaft hrsg. von Ferdinand Wüstenfeld</subfield>
	</datafield>
	<datafield ind1=" " ind2=" " tag="260">
		<subfield code="6">880-04</subfield>
		<subfield code="a">Ṭihrān :</subfield>
		<subfield code="b">Maktabat al-Asadī,</subfield>
		<subfield code="c">1965.</subfield>
	</datafield>
	<datafield ind1=" " ind2=" " tag="300">
		<subfield code="a">online resource (6 volumes)</subfield>
	</datafield>
	<datafield ind1=" " ind2=" " tag="336">
		<subfield code="a">text</subfield>
		<subfield code="2">rdacontent</subfield>
	</datafield>
	<datafield ind1=" " ind2=" " tag="337">
		<subfield code="a">computer</subfield>
		<subfield code="2">rdamedia</subfield>
	</datafield>
	<datafield ind1=" " ind2=" " tag="338">
		<subfield code="a">online resource</subfield>
		<subfield code="2">rdacarrier</subfield>
	</datafield>
	<datafield ind1="1" ind2=" " tag="490">
		<subfield code="6">880-05</subfield>
		<subfield code="a">Manshūrāt maktabat al-Asadī ;</subfield>
		<subfield code="v">raqm 7</subfield>
	</datafield>
	<datafield ind1=" " ind2=" " tag="500">
		<subfield code="a">Photo-offset reproduction of the edition published in Leipzig, 1866-73.</subfield>
	</datafield>
	<datafield ind1=" " ind2=" " tag="500">
		<subfield code="a">Part of the Arabic Collections Online (ACO) project, contributed by New York Univeristy Libraries.</subfield>
	</datafield>
	<datafield ind1="0" ind2=" " tag="505">
		<subfield code="6">880-06</subfield>
		<subfield code="a">Mujallad 1. Alif-thāʼ -- mujallad 2. Jīm-zāʼ -- mujallad 3. Sīn-fāʼ -- mujallad 4. Qāf-yāʼ -- mujallad 5. al-Taʻlīqāt wa-riwāyāt al-naskh -- mujallad 6. al-Fihris.</subfield>
	</datafield>
	<datafield ind1=" " ind2=" " tag="533">
		<subfield code="a">Electronic reproduction.</subfield>
		<subfield code="b">New York, N.Y. :</subfield>
		<subfield code="c">New York University,</subfield>
		<subfield code="d">2016.</subfield>
		<subfield code="5">NNU</subfield>
	</datafield>
	<datafield ind1=" " ind2="0" tag="650">
		<subfield code="a">Geography</subfield>
		<subfield code="v">Dictionaries</subfield>
		<subfield code="x">Arabic.</subfield>
	</datafield>
	<datafield ind1=" " ind2="0" tag="650">
		<subfield code="a">Geography, Medieval.</subfield>
	</datafield>
	<datafield ind1=" " ind2="7" tag="650">
		<subfield code="a">Geography.</subfield>
		<subfield code="2">fast</subfield>
		<subfield code="0">(OCoLC)fst00940469</subfield>
	</datafield>
	<datafield ind1=" " ind2="7" tag="650">
		<subfield code="a">Geography, Medieval.</subfield>
		<subfield code="2">fast</subfield>
		<subfield code="0">(OCoLC)fst00940573</subfield>
	</datafield>
	<datafield ind1=" " ind2="7" tag="655">
		<subfield code="a">Dictionaries.</subfield>
		<subfield code="2">fast</subfield>
		<subfield code="0">(OCoLC)fst01423826</subfield>
	</datafield>
	<datafield ind1="2" ind2=" " tag="710">
		<subfield code="a">New York University.</subfield>
		<subfield code="b">Libraries.</subfield>
	</datafield>
	<datafield ind1="0" ind2=" " tag="730">
		<subfield code="a">Arabic Collections Online.</subfield>
	</datafield>
	<datafield ind1="0" ind2="8" tag="776">
		<subfield code="i">Online version:</subfield>
		<subfield code="a">Yāqūt ibn ʻAbd Allāh al-Ḥamawī, 1179?-1229.</subfield>
		<subfield code="s">Muʻjam al-buldān.</subfield>
		<subfield code="t">Kitāb muʻjam al-buldān.</subfield>
		<subfield code="d">Ṭihrān : Maktabat al-Asadī, 1965</subfield>
		<subfield code="w">(OCoLC)551475829</subfield>
	</datafield>
	<datafield ind1="0" ind2="8" tag="776">
		<subfield code="i">Online version:</subfield>
		<subfield code="a">Yāqūt ibn ʻAbd Allāh al-Ḥamawī, 1179?-1229.</subfield>
		<subfield code="s">Muʻjam al-buldān.</subfield>
		<subfield code="t">Kitāb muʻjam al-buldān.</subfield>
		<subfield code="d">Ṭihrān : Maktabat al-Asadī, 1965</subfield>
		<subfield code="w">(OCoLC)607769947</subfield>
	</datafield>
	<datafield ind1="0" ind2="8" tag="776">
		<subfield code="i">Print version:</subfield>
		<subfield code="a">Yāqūt ibn ʻAbd Allāh al-Ḥamawī, 1179?-1229.</subfield>
		<subfield code="t">Kitāb muʻjam al-buldān</subfield>
		<subfield code="w">(NNU)001676462</subfield>
	</datafield>
	<datafield ind1="4" ind2="0" tag="856">
		<subfield code="u">http://hdl.handle.net/2333.1/2ngf1zkp</subfield>
	</datafield>
	<datafield ind1="0" ind2=" " tag="880">
		<subfield code="6">100-01/</subfield>
		<subfield code="a">ياقوت بن عبد الله الحموي،</subfield>
		<subfield code="d">1179?-1229.</subfield>
	</datafield>
	<datafield ind1="1" ind2="0" tag="880">
		<subfield code="6">240-02/</subfield>
		<subfield code="a">معجم البلدان</subfield>
	</datafield>
	<datafield ind1="1" ind2="0" tag="880">
		<subfield code="6">245-03/</subfield>
		<subfield code="a">كتاب معجم البلدان /</subfield>
		<subfield code="c">تأليف شهاب الدين أبي عبد الله ياقوت إبن عبد الله الحموي الرومي البغدادي.</subfield>
	</datafield>
	<datafield ind1=" " ind2=" " tag="880">
		<subfield code="6">260-04/</subfield>
		<subfield code="a">طهران :</subfield>
		<subfield code="b">مكتبة الأسدي،</subfield>
		<subfield code="c">1965.</subfield>
	</datafield>
	<datafield ind1="1" ind2=" " tag="880">
		<subfield code="6">490-05/</subfield>
		<subfield code="a">منشورات مكتبة الأسدي ؛</subfield>
		<subfield code="v">رقم 7</subfield>
	</datafield>
	<datafield ind1="0" ind2=" " tag="880">
		<subfield code="6">505-06/</subfield>
		<subfield code="a">مجلد 1. الثاء مجلد 2. جيم زاء مجلد 3. سين فاء مجلد 4. قاف ياء مجلد 5. التعليقات وروايات النسخ مجلد 6. الفهرس.</subfield>
	</datafield>
	<datafield ind1=" " ind2="0" tag="830">
		<subfield code="6">880-07</subfield>
		<subfield code="a">Manshūrāt maktabat al-Asadī ;</subfield>
		<subfield code="v">raqm 7</subfield>
	</datafield>
	<datafield ind1=" " ind2="0" tag="880">
		<subfield code="6">830-07/</subfield>
		<subfield code="a">منشورات مكتبة الاسدي ;</subfield>
		<subfield code="v">رقم 7</subfield>
	</datafield>
	<datafield ind1=" " ind2=" " tag="959">
		<subfield code="a">NNU</subfield>
		<subfield code="b">WEB</subfield>
		<subfield code="c">GENI</subfield>
		<subfield code="t">0</subfield>
		<subfield code="m">Electronic access</subfield>
		<subfield code="s">01</subfield>
	</datafield>
	<datafield ind1=" " ind2=" " tag="999">
		<subfield code="i">NNU_001676462</subfield>
		<subfield code="s">nyu_aco001518:v.1</subfield>
		<subfield code="s">nyu_aco001519:v.2</subfield>
		<subfield code="s">nyu_aco001520:v.3</subfield>
		<subfield code="s">nyu_aco001521:v.4</subfield>
		<subfield code="s">nyu_aco001522:v.5</subfield>
		<subfield code="s">nyu_aco001523:v.6</subfield>
		<subfield code="e">(ERROR-880)</subfield>
	</datafield>
</record>
